@book{dawkins2016selfish,
  title     = {The selfish gene},
  author    = {Dawkins, Richard},
  year      = {2016},
  publisher = {Oxford university press}
}
@article{cooke2013conservation,
  title     = {What is conservation physiology? Perspectives on an increasingly integrated and essential science},
  author    = {Cooke, Steven J and Sack, Lawren and Franklin, Craig E and Farrell, Anthony P and Beardall, John and Wikelski, Martin and Chown, Steven L},
  journal   = {Conservation Physiology},
  volume    = {1},
  number    = {1},
  pages     = {cot001},
  year      = {2013},
  publisher = {Oxford University Press}
}
@article{timberlake1989behavior,
  title  = {Behavior systems and learning: From misbehavior to general principles},
  author = {Timberlake, William and Lucas, Gary A},
  year   = {1989}
}
@article{bennett2017conservation,
  title     = {Conservation social science: Understanding and integrating human dimensions to improve conservation},
  author    = {Bennett, Nathan J and Roth, Robin and Klain, Sarah C and Chan, Kai and Christie, Patrick and Clark, Douglas A and Cullman, Georgina and Curran, Deborah and Durbin, Trevor J and Epstein, Graham and others},
  journal   = {biological conservation},
  volume    = {205},
  pages     = {93--108},
  year      = {2017},
  publisher = {Elsevier}
}
@book{groom2006principles,
  title     = {Principles of conservation biology},
  author    = {Groom, Martha J and Meffe, Gary K and Carroll, Carl Ronald and Andelman, Sandy J},
  number    = {Sirsi) i9780878935185},
  year      = {2006},
  publisher = {Sinauer Associates Sunderland}
}
 @misc{merriam-webster,
  title     = {Meme},
  url       = {https://www.merriam-webster.com/dictionary/meme},
  journal   = {Merriam-Webster},
  publisher = {Merriam-Webster}
} 
@article{dobzhansky1973nothing,
  title={Nothing in biology makes sense except in the light of evolution},
  author={Dobzhansky, Theodosius},
  journal={The american biology teacher},
  volume={35},
  number={3},
  pages={125--129},
  year={1973},
  publisher={National Association of Biology Teachers}
}
@article{monat2015systems,
  title={What is systems thinking? A review of selected literature plus recommendations},
  author={Monat, Jamie P and Gannon, Thomas F},
  journal={American Journal of Systems Science},
  volume={4},
  number={1},
  pages={11--26},
  year={2015}
}
@book{meadows2008thinking,
  title={Thinking in systems: A primer},
  author={Meadows, Donella H},
  year={2008},
  publisher={chelsea green publishing}
}
