@article{greely2019crispr,
  title={CRISPR’d babies: human germline genome editing in the ‘He Jiankui affair’},
  author={Greely, Henry T},
  journal={Journal of Law and the Biosciences},
  volume={6},
  number={1},
  pages={111--183},
  year={2019},
  publisher={Oxford University Press},
  url={https://doi.org/10.1093/jlb/lsz010}
}
