@article{lehrach2001huntington,
  title     = {Huntington's disease: from gene to potential therapy},
  author    = {Lehrach, Hans and Wanker, Erich E},
  journal   = {Dialogues in clinical neuroscience},
  volume    = {3},
  number    = {1},
  pages     = {17},
  year      = {2001},
  publisher = {Les Laboratoires Servier}
}

@article{wu2020gene,
  title     = {Gene therapy conversion of striatal astrocytes into GABAergic neurons in mouse models of Huntington’s disease},
  author    = {Wu, Zheng and Parry, Matthew and Hou, Xiao-Yi and Liu, Min-Hui and Wang, Hui and Cain, Rachel and Pei, Zi-Fei and Chen, Yu-Chen and Guo, Zi-Yuan and Abhijeet, Sambangi and others},
  journal   = {Nature communications},
  volume    = {11},
  number    = {1},
  pages     = {1--18},
  year      = {2020},
  publisher = {Nature Publishing Group}
}

@article{kumar2020therapeutic,
  title     = {Therapeutic advances for Huntington’s disease},
  author    = {Kumar, Ashok and Kumar, Vijay and Singh, Kritanjali and Kumar, Sukesh and Kim, You-Sam and Lee, Yun-Mi and Kim, Jong-Joo},
  journal   = {Brain sciences},
  volume    = {10},
  number    = {1},
  pages     = {43},
  year      = {2020},
  publisher = {Multidisciplinary Digital Publishing Institute}
}

@article{ekman2019crispr,
  title     = {CRISPR-Cas9-mediated genome editing increases lifespan and improves motor deficits in a Huntington’s disease mouse model},
  author    = {Ekman, Freja K and Ojala, David S and Adil, Maroof M and Lopez, Paola A and Schaffer, David V and Gaj, Thomas},
  journal   = {Molecular Therapy-Nucleic Acids},
  volume    = {17},
  pages     = {829--839},
  year      = {2019},
  publisher = {Elsevier}
}

@article{shin2016permanent,
  title     = {Permanent inactivation of Huntington's disease mutation by personalized allele-specific CRISPR/Cas9},
  author    = {Shin, Jun Wan and Kim, Kyung-Hee and Chao, Michael J and Atwal, Ranjit S and Gillis, Tammy and MacDonald, Marcy E and Gusella, James F and Lee, Jong-Min},
  journal   = {Human molecular genetics},
  volume    = {25},
  number    = {20},
  pages     = {4566--4576},
  year      = {2016},
  publisher = {Oxford University Press}
}

 @misc{caron_2020,
  title     = {Huntington Disease},
  url       = {https://www.ncbi.nlm.nih.gov/books/NBK1305/},
  journal   = {GeneReviews® [Internet].},
  publisher = {U.S. National Library of Medicine},
  author    = {Caron, Nicholas S},
  year      = {2020},
  month     = {Jun}
} 

@misc{omim,
  title        = {Huntington Disease \#143100},
  howpublished = {Online Mendelian Inheritance in Man},
  year         = {2020},
  url          = {https://omim.org/entry/143100?search=huntington%20disease&highlight=disease%20huntington}
}

@article{myers1982factors,
  title     = {Factors related to onset age of Huntington disease.},
  author    = {Myers, RH and Madden, JJ and Teague, JL and Falek, A},
  journal   = {American journal of human genetics},
  volume    = {34},
  number    = {3},
  pages     = {481},
  year      = {1982},
  publisher = {Elsevier}
}

@article{walker2007huntington,
  title     = {Huntington's disease},
  author    = {Walker, Francis O},
  journal   = {The Lancet},
  volume    = {369},
  number    = {9557},
  pages     = {218--228},
  year      = {2007},
  publisher = {Elsevier}
}

@incollection{toro2020hexa,
  title     = {HEXA Disorders},
  author    = {Toro, Camilo and Shirvan, Leila and Tifft, Cynthia},
  booktitle = {GeneReviews{\textregistered}[Internet]},
  year      = {2020},
  publisher = {University of Washington, Seattle}
}

@article{fernandes2004tay,
  title     = {Tay-sachs disease},
  author    = {Fernandes Filho, Jose Americo and Shapiro, Barbara E},
  journal   = {Archives of neurology},
  volume    = {61},
  number    = {9},
  pages     = {1466--1468},
  year      = {2004},
  publisher = {American Medical Association}
}

@article{gravel1991biochemistry,
  title     = {Biochemistry and genetics of Tay-Sachs disease},
  author    = {Gravel, Roy A and Triggs-Raine, Barbara L and Mahuran, Don J},
  journal   = {Canadian journal of neurological sciences},
  volume    = {18},
  number    = {S3},
  pages     = {419--423},
  year      = {1991},
  publisher = {Cambridge University Press}
}

@article{chelbi2000generalized,
  title     = {Generalized inspection strategy for randomly failing systems subjected to random shocks},
  author    = {Chelbi, Anis and Ait-Kadi, Daoud},
  journal   = {International Journal of Production Economics},
  volume    = {64},
  number    = {1-3},
  pages     = {379--384},
  year      = {2000},
  publisher = {Elsevier}
}

@misc{nord,
  title   = {Tay Sachs Disease},
  url     = {https://rarediseases.org/rare-diseases/tay-sachs-disease/},
  journal = {NORD (National Organization for Rare Disorders)},
  year    = {2017},
  month   = {Jan}
} 

@article{jinnah2020hprt1,
  title     = {HPRT1 Disorders},
  author    = {Jinnah, Hyder A},
  journal   = {GeneReviews{\textregistered}[Internet]},
  year      = {2020},
  publisher = {University of Washington, Seattle}
}

@incollection{page1995treatment,
  title     = {Treatment of Lesch-Nyhan syndrome with AICAR},
  author    = {Page, T and Barshop, B and Yu, AL and Nyhan, WL},
  booktitle = {Purine and Pyrimidine Metabolism in Man VIII},
  pages     = {353--356},
  year      = {1995},
  publisher = {Springer}
}

@article{nyhan1973lesch,
  title     = {The Lesch-Nyhan syndrome},
  author    = {Nyhan, William L},
  journal   = {Annual Review of Medicine},
  volume    = {24},
  number    = {1},
  pages     = {41--60},
  year      = {1973},
  publisher = {Annual Reviews 4139 El Camino Way, PO Box 10139, Palo Alto, CA 94303-0139, USA}
}

@misc{nord2,
  title   = {Lesch-Nyhan},
  url     = {
https://rarediseases.org/rare-diseases/lesch-nyhan-syndrome/},
  journal = {NORD (National Organization for Rare Disorders)},
  year    = {2018},
  month   = {Jan}
} 

@article{collins1995positional,
  title     = {Positional cloning moves from perditional to traditional},
  author    = {Collins, Francis S},
  journal   = {Nature genetics},
  volume    = {9},
  number    = {4},
  pages     = {347--350},
  year      = {1995},
  publisher = {Nature Publishing Group}
}

@article{gusella306watkins,
  title   = {Watkins PC Ottina K, Wallace MR, Sakaguchi AY, Young AB, Shoulson I, Bonilla E and Martin JB 1983 A polymorphic DNA marker genetically linked to Huntington’s disease},
  author  = {Gusella, JF and Wexler, NS and Conneally, PM and Naylor, SL and Anderson, MA and Tanzi, RE},
  journal = {Nature},
  volume  = {306},
  pages   = {234--238}
}
@article{macdonald1993novel,
  title     = {A novel gene containing a trinucleotide repeat that is expanded and unstable on Huntington's disease chromosomes},
  author    = {MacDonald, Marcy E and Ambrose, Christine M and Duyao, Mabel P and Myers, Richard H and Lin, Carol and Srinidhi, Lakshmi and Barnes, Glenn and Taylor, Sherryl A and James, Marianne and Groot, Nicolet and others},
  journal   = {Cell},
  volume    = {72},
  number    = {6},
  pages     = {971--983},
  year      = {1993},
  publisher = {Elsevier}
}
@article{popovic2014ubiquitination,
  title     = {Ubiquitination in disease pathogenesis and treatment},
  author    = {Popovic, Doris and Vucic, Domagoj and Dikic, Ivan},
  journal   = {Nature medicine},
  volume    = {20},
  number    = {11},
  pages     = {1242--1253},
  year      = {2014},
  publisher = {Nature Publishing Group},
  url       = {https://doi.org/10.1038}
}

@article{jacobson2009lysine,
  title={The lysine 48 and lysine 63 ubiquitin conjugates are processed differently by the 26 s proteasome},
  author={Jacobson, Andrew D and Zhang, Nan-Yan and Xu, Ping and Han, Ke-Jun and Noone, Seth and Peng, Junmin and Liu, Chang-Wei},
  journal={Journal of Biological Chemistry},
  volume={284},
  number={51},
  pages={35485--35494},
  year={2009},
  publisher={Elsevier},
  url = {https://doi.org/10.1074/jbc.M109.052928}
}
