@article{eichenlaub2013oocyte,
  title={Oocyte ageing and its cellular basis},
  author={Eichenlaub-Ritter, Ursula},
  journal={International Journal of Developmental Biology},
  volume={56},
  number={10-11-12},
  pages={841--852},
  year={2013},
  publisher={UPV/EHU Press}
}
@article{saksouk2015constitutive,
  title={Constitutive heterochromatin formation and transcription in mammals},
  author={Saksouk, Nehm{\'e} and Simboeck, Elisabeth and D{\'e}jardin, J{\'e}r{\^o}me},
  journal={Epigenetics \& chromatin},
  volume={8},
  number={1},
  pages={1--17},
  year={2015},
  publisher={BioMed Central}
}
