 @misc{caron_2020,
  title     = {Huntington Disease},
  url       = {https://www.ncbi.nlm.nih.gov/books/NBK1305/},
  journal   = {GeneReviewsÂ® [Internet].},
  publisher = {U.S. National Library of Medicine},
  author    = {Caron, Nicholas S},
  year      = {2020},
  month     = {Jun}
} 

@misc{omim,
  title        = {Huntington Disease \#143100},
  howpublished = {Online Mendelian Inheritance in Man},
  year         = {2020},
  url          = {https://omim.org/entry/143100?search=huntington%20disease&highlight=disease%20huntington},
}

@article{myers1982factors,
  title={Factors related to onset age of Huntington disease.},
  author={Myers, RH and Madden, JJ and Teague, JL and Falek, A},
  journal={American journal of human genetics},
  volume={34},
  number={3},
  pages={481},
  year={1982},
  publisher={Elsevier}
}

@article{walker2007huntington,
  title={Huntington's disease},
  author={Walker, Francis O},
  journal={The Lancet},
  volume={369},
  number={9557},
  pages={218--228},
  year={2007},
  publisher={Elsevier}
}
