@article{mccord2020chromosome,
  title={Chromosome conformation capture and beyond: toward an integrative view of chromosome structure and function},
  author={McCord, Rachel Patton and Kaplan, Noam and Giorgetti, Luca},
  journal={Molecular Cell},
  volume={77},
  number={4},
  pages={688--708},
  year={2020},
  publisher={Elsevier}
}
